@inproceedings{AsuncionEtAl:2009,
 author = {Asuncion, Arthur and Welling, Max and Smyth, Padhraic and Teh, Yee Whye},
 title = {On Smoothing and Inference for Topic Models},
 series = {UAI '09},
 year = {2009},
 location = {Montreal, Quebec, Canada},
 pages = {27--34},
 url = {https://arxiv.org/pdf/1205.2662.pdf}
} 

@phdthesis{Beal:2003,
  author = {Beal, Matthew J.},
  school = {Gatsby Computational Neuroscience Unit, University College London},
  title = {Variational Algorithms for Approximate Bayesian Inference},
  url = {http://www.cse.buffalo.edu/faculty/mbeal/thesis/index.html},
  year = {2003}
}

@inproceedings{BergkirkpatrickEtAl:2010,
 author = {Berg-Kirkpatrick, Taylor and Bouchard-C\^{o}t{\'e}, Alexandre and DeNero, John and Klein, Dan},
 title = {Painless Unsupervised Learning with Features},
 booktitle = {Human Language Technologies: The 2010 Annual Conference of the North American Chapter of the Association for Computational Linguistics},
 series = {HLT '10},
 year = {2010},
 location = {Los Angeles, California},
 pages = {582--590},
 url = {http://www.aclweb.org/anthology/N10-1083}
} 

@inproceedings{BlundellEtAl:2015,
 author = {Blundell, Charles and Cornebise, Julien and Kavukcuoglu, Koray and Wierstra, Daan},
 title = {Weight Uncertainty in Neural Networks},
 series = {ICML'15},
 year = {2015},
 location = {Lille, France},
 pages = {1613--1622},
 url = {http://machinelearning.wustl.edu/mlpapers/paper_files/icml2015_blundell15.pdf}
} 

@PhdThesis{Gal:2016,
  title={Uncertainty in Deep Learning},
  author={Gal, Yarin},
  year={2016},
  school={University of Cambridge},
  url={http://mlg.eng.cam.ac.uk/yarin/thesis/thesis.pdf},
}

@inproceedings{Graves:2011,
  author = {Graves, Alex},
  booktitle = {NIPS},
  url = {http://papers.nips.cc/paper/4329-practical-variational-inference-for-neural-networks},
  pages = {2348-2356},
  title = {Practical Variational Inference for Neural Networks.},
  year = {2011}
}

@article{HintonEtAl:1995,
  author = {Hinton, G. E. and Dayan, P. and Frey, B. J. and Neal, R. M.},
  journal = {Science},
  pages = {1158--1161},
  title = {The Wake-Sleep Algorithm for Unsupervised Neural Networks.},
  volume = {268},
  year = {1995},
  url = {http://www.gatsby.ucl.ac.uk/~dayan/papers/hdfn95.pdf}
}

@inproceedings{HintonVancamp:1993,
 author = {Hinton, Geoffrey E. and van Camp, Drew},
 title = {Keeping the Neural Networks Simple by Minimizing the Description Length of the Weights},
 booktitle = {Proceedings of the Sixth Annual Conference on Computational Learning Theory},
 series = {COLT '93},
 year = {1993},
 isbn = {0-89791-611-5},
 location = {Santa Cruz, California, USA},
 pages = {5--13},
 numpages = {9},
 url = {http://doi.acm.org/10.1145/168304.168306},
 publisher = {ACM}
} 

@article{IshwaranJames:2001,
author = {Hemant Ishwaran and Lancelot F James},
title = {Gibbs Sampling Methods for Stick-Breaking Priors},
journal = {Journal of the American Statistical Association},
volume = {96},
number = {453},
pages = {161-173},
year = {2001},
doi = {10.1198/016214501750332758},
URL = {http://dx.doi.org/10.1198/016214501750332758}
}

@article{KingmaWelling:2013,
  author = {Kingma, Diederik P. and Welling, Max},
  url = {http://arxiv.org/abs/1312.6114},
  title = {{Auto-Encoding Variational Bayes}},
  year = {2013}
}

@article{KucukelbirEtAl:2017,
  author  = {Alp Kucukelbir and Dustin Tran and Rajesh Ranganath and Andrew Gelman and David M. Blei},
  title   = {Automatic Differentiation Variational Inference},
  journal = {Journal of Machine Learning Research},
  year    = {2017},
  volume  = {18},
  number  = {14},
  pages   = {1-45},
  url     = {http://jmlr.org/papers/v18/16-107.html}
}

@InProceedings{NaessethEtAl:2017,
author = {Christian Naesseth and Francisco Ruiz and Scott Linderman and David Blei },
title = {Reparameterization Gradients through Acceptance-Rejection Sampling Algorithms},
url = {http://proceedings.mlr.press/v54/naesseth17a/naesseth17a.pdf},
pages = {489--498},
year = {2017},
series = {AISTATS}
}

@inproceedings{PaisleyEtAl:2012, 
   	Title = {Variational Bayesian Inference with Stochastic Search}, 
    Url = {http://icml.cc/2012/papers/687.pdf}, 
    Booktitle = {Proceedings of the 29th International Conference on Machine Learning (ICML-12)}, 
    Author = {David M. Blei and Michael I. Jordan and John W. Paisley}, 
    Year = {2012}
}

@InProceedings{RanganathEtAl:2014,
  title = 	 {{Black Box Variational Inference}},
  author = 	 {Rajesh Ranganath and Sean Gerrish and David Blei},
  booktitle = 	 {Proceedings of the Seventeenth International Conference on Artificial Intelligence and Statistics},
  pages = 	 {814--822},
  year = 	 {2014},
  editor = 	 {Samuel Kaski and Jukka Corander},
  url = 	 {http://proceedings.mlr.press/v33/ranganath14.pdf},
}

@inproceedings{RezendeEtAl:2014, 
    Title = {Stochastic Backpropagation and Approximate Inference in Deep Generative Models}, 
    Url = {http://jmlr.org/proceedings/papers/v32/rezende14.pdf}, 
    Author = {Danilo J. Rezende and Shakir Mohamed and Daan Wierstra}, 
    Year = {2014}, 
    Booktitle = {Proceedings of the 31st International Conference on Machine Learning (ICML-14)}, 
    Pages = {1278-1286} 
   }


@article{RobbinsEtAl:1951,
    Author = {Herbert Robbins and Sutton Monro},
    Journal = {The Annals of Mathematical Statistics},
    Month = {September},
    Number = {3},
    Pages = {400--407},
    Title = {A Stochastic Approximation Method},
    Volume = {22},
    Year = {1951},
    Url = {http://projecteuclid.org/download/pdf_1/euclid.aoms/1177729586}
}

@incollection{RuizEtAl:2016,
title = {The Generalized Reparameterization Gradient},
author = {Ruiz, Francisco R and Titsias RC AUEB, Michalis and Blei, David},
booktitle = {Advances in Neural Information Processing Systems 29},
editor = {D. D. Lee and M. Sugiyama and U. V. Luxburg and I. Guyon and R. Garnett},
pages = {460--468},
year = {2016},
url = {http://papers.nips.cc/paper/6328-the-generalized-reparameterization-gradient.pdf}
}

@inproceedings{TehEtAl:2007,
title=          {A Collapsed Variational {B}ayesian Inference Algorithm for
                 Latent {D}irichlet Allocation},
author=         {Y. W. Teh and D. Newman and M. Welling},
booktitle=      {Advances in Neural Information Processing Systems},
volume=         {19},
year=           {2007},
url = {https://www.stats.ox.ac.uk/~teh/research/inference/nips2006.pdf}
}

@inproceedings{TitsiasLazarogredilla:2014,  
    Title = {Doubly Stochastic Variational Bayes for non-Conjugate Inference}, 
    Url = {http://jmlr.org/proceedings/papers/v32/titsias14.pdf}, 
    Author = {Michalis Titsias and Miguel LÃ¡zaro-gredilla}, 
    Editor = {Tony Jebara and Eric P. Xing}, 
    Year = {2014}, 
    Booktitle = {Proceedings of the 31st International Conference on Machine Learning (ICML-14)}, 
    Pages = {1971-1979} 
}

@inproceedings{WangEtAl:2011,
    author = {Wang, Chong and Paisley, John and Blei, David M.},
    booktitle = {Proc. of the 14th Int'l. Conf. on Artificial Intelligence and Statistics (AISTATS)},
    pages = {752--760},
    title = {{Online variational inference for the hierarchical dirichlet process}},
    url = {http://jmlr.csail.mit.edu/proceedings/papers/v15/wang11a/wang11a.pdf},
    volume = {15},
    year = {2011}
}
